@misc{nem_2021_mms,
  author = {NEM},
  title = {MMS Data Model Report},
  url = {https://nemweb.com.au/Reports/Current/MMSDataModelReport/Electricity/MMS%20Data%20Model%20Report.htm},
  urldate = {2021-05-08},
  year = {2021},
  organization = {Nemweb.com.au}
}

@misc{brady_1996_a,
  author = {Brady, Frank},
  title = {A DICTIONARY ON ELECTRICITY A joint project of CIGRE (The International Conference on Large High Voltage Electrical Systems) and AHEF (The Association for the History of Electricity in France)},
  url = {https://www.ewh.ieee.org/r10/nsw/subpages/history/electricity_in_australia.pdf},
  urldate = {2021-05-13},
  year = {1996}
}

@misc{jobson_2004_power,
  author = {Jobson, Sandra},
  month = {08},
  title = {Power for the People: A history of electricity in Sydney - On Line Opinion - 25/8/2004},
  url = {https://www.onlineopinion.com.au/view.asp?article=2485&page=0},
  year = {2004},
  organization = {On Line Opinion}
}

@article{bentley_2002_oil,
  author = {Bentley, R.W.},
  month = {12},
  pages = {481-491},
  title = {Oil Forecasts, Past and Present},
  doi = {10.1260/014459802321615108},
  urldate = {2019-11-10},
  volume = {20},
  year = {2002},
  journal = {Energy Exploration & Exploitation}
}

@misc{smith_1997_electricity,
  author = {Smith, Stewart},
  month = {09},
  publisher = {NSW Parliamentary Library},
  title = {Electricity and Privatisation},
  url = {https://www.parliament.nsw.gov.au/researchpapers/Documents/electricity-and-privatisation/ElectandPriv.pdf},
  urldate = {2021-05-13},
  year = {1997},
  organization = {https://www.parliament.nsw.gov.au/}
}

@misc{data,
  title = {Data Model Reports},
  url = {https://visualisations.aemo.com.au/aemo/di-help/Content/Data_Model/MMS_Data_Model.htm?TocPath=_____8},
  urldate = {2021-05-13},
  organization = {visualisations.aemo.com.au}
}


@misc{brinsmead_2014_energy,
  author = {Brinsmead, Thomas and Hayward, Jenny and Graham, Paul},
  title = {ENERGY FLAGSHIP Australian electricity market analysis report to 2020 and 2030 Final Draft},
  url = {https://arena.gov.au/assets/2017/02/CSIRO-Electricity-market-analysis-for-IGEG.pdf},
  year = {2014}
}

@article{marcjasz_2008_neural,
  author = {Marcjasz, Grzegorz and Lago, Jesus and Rafal, Weron},
  month = {08},
  title = {Neural networks in day-ahead electricity price forecasting: single vs multiple outputs},
  url = {https://arxiv.org/pdf/2008.08006.pdf},
  year = {2008},
  journal = {PrePrint}
}

@misc{parkinson_2019_rooftop,
  author = {Parkinson, Giles},
  month = {08},
  title = {Rooftop solar slashes demand levels and emissions across main grid},
  url = {https://reneweconomy.com.au/rooftop-solar-slashes-demand-levels-and-emissions-across-main-grid-74345/},
  urldate = {2021-05-13},
  year = {2019},
  organization = {RenewEconomy}
}

@misc{aemo_electicity,
  author = {AEMO},
  title = {Electicity Demand Forecasting Methodology Information Paper},
  url = {https://www.aemo.com.au/-/media/Files/Electricity/NEM/Planning_and_Forecasting/NEM_ESOO/2019/Electricity-Demand-Forecasting-Methodology-Information-Paper.pdf},
  urldate = {2021-05-13},
  organization = {https://www.aemo.com.au/}
}

@misc{aemo_2020_projections,
  author = {AEMO},
  title = {Projections for distributed energy resources -solar PV and stationary energy battery systems Report for AEMO Enlightening environmental markets},
  url = {https://aemo.com.au/-/media/files/electricity/nem/planning_and_forecasting/inputs-assumptions-methodologies/2020/green-energy-markets-der-forecast-report.pdf?la=en},
  year = {2020}
}

@misc{abcb_2015_climate,
  author = {ABCB},
  title = {Climate Zone Map: New South Wales and Australian Capital Territory | Australian Building Codes Board},
  url = {https://www.abcb.gov.au/Resources/Tools-Calculators/Climate-Zone-Map-NSW-and-ACT},
  urldate = {2021-05-17},
  year = {2015},
  organization = {Abcb.gov.au}
}